@inproceedings{AAAIcomp,
     title = {The 1996 AAAI Mobile Robot Competition and Exhibition},
     booktitle = {AI Magazine},
     author = {Kortenkamp, David and Nourbakhsh, Illah and Hinkle, David},
     journal = {AI Magazine},
     volume = 18,
     year = 1997,
     ipre-article-id = 286
}

@book{thrun,
  title={Probabilistic Robotics},
  author={Thrun, S. and Burgard, W. and Fox, D.},
  isbn=9780262201629,
  lccn=2005043346,
  series={Intelligent Robotics and Autonomous Agents Series},
  year=2005,
  publisher={Mit Press}
}